<?xml version="1.0" encoding="UTF-8"?><record xmlns="http://www.loc.gov/MARC21/slim" xmlns:cinclude="http://apache.org/cocoon/include/1.0" xmlns:zs="http://www.loc.gov/zing/srw/">
  <leader>00588nz  a2200181n  4500</leader>
  <controlfield tag="001">n  80041780 </controlfield>
  <controlfield tag="003">DLC</controlfield>
  <controlfield tag="005">19840322000000.0</controlfield>
  <controlfield tag="008">800519n| acannaab|          |a aaa |||  </controlfield>
  <datafield tag="010" ind1=" " ind2=" ">
    <subfield code="a">n  80041780 </subfield>
  </datafield>
  <datafield tag="040" ind1=" " ind2=" ">
    <subfield code="a">DLC</subfield>
    <subfield code="c">DLC</subfield>
  </datafield>
  <datafield tag="100" ind1="0" ind2="0">
    <subfield code="a">Isocrates.</subfield>
    <subfield code="t">De bigis</subfield>
  </datafield>
  <datafield tag="400" ind1="0" ind2="0">
    <subfield code="a">Isocrates.</subfield>
    <subfield code="t">Isokratous peri tou zeugous logos</subfield>
  </datafield>
  <datafield tag="400" ind1="0" ind2="0">
    <subfield code="a">Isocrates.</subfield>
    <subfield code="t">Isocratis de bigis oratio</subfield>
  </datafield>
  <datafield tag="400" ind1="0" ind2="0">
    <subfield code="w">nna</subfield>
    <subfield code="a">Isocrates.</subfield>
    <subfield code="t">Peri tou zeugous</subfield>
  </datafield>
  <datafield tag="670" ind1=" " ind2=" ">
    <subfield code="a">His Isokratous peri tou zeugous logos,</subfield>
    <subfield code="b">Isocratis de bigis oratio, 1591.</subfield>
  </datafield>
  <datafield tag="670" ind1=" " ind2=" ">
    <subfield code="a">Oxford class. dict., 1950</subfield>
    <subfield code="b">(De bigis)</subfield>
  </datafield>
  <datafield tag="675" ind1=" " ind2=" ">
    <subfield code="a">Encic. brit., 1972 ed.</subfield>
  </datafield>
</record>